@MISC{Licenses,
	author="{O}pen {S}ource {I}nitiative",
  title="{L}icenses by {N}ame",
  howpublished="\url{https://opensource.org/licenses/alphabetical}",
  note = {Megtekintve: 2017. május 7. 6:48}
}

@MISC{Linfo,
	author="{B}ellevue {L}inux {U}sers {G}roup",
  title="{T}he {L}inux {I}nformation {P}roject",
  howpublished="\url{http://www.linfo.org/bsdlicense.html}",
  note = {Megtekintve: 2017. május 6. 22:33}
}

@MISC{FreeRTOSAbout,
	author="{R}eal {T}ime {E}ngineers ltd.",
  title="{W}hat is an {RTOS}?",
  howpublished="\url{http://www.freertos.org/about-RTOS.html}",
  note = {Megtekintve: 2017. május 7. 6:49}
}

@BOOK{FreeRTOSManual,
  author="Richard Barry",
  title="Mastering the FreeRTOS\tm Real Time Kernel",
  year=2016
}

@unpublished{JerrySched,
author={Jerry Breecher},
title={{O}perating {S}ystem {S}cheduling},
note={Worcester Polytechnic Institute}
}

@unpublished{VoelkerSched,
author={Geoffrey M. Voelker},
title={{P}rinciples of {O}perating {S}ystems},
note={UCSD Department of Computer Science and Engineering},
year={2002}
}

@unpublished{OpreEmbed,
author={Szabó Zoltán},
title={Beágyazott operációs rendszerek jegyzet},
note={Budapesti Mûszaki és Gazdaságtudományi Egyetem},
year={2015}
}

@manual{STMRef,
organization  = "STMicroelectronics",
title = "Reference manual",
number = "RM0090",
year =  2016,
month =  "9.",
note = "Rev 13"
}

@unpublished{RaspiHistory,
author={Raspberry Pi Foundation},
title={{P}utting the power of digital making into
the hands of people all over the world},
note={Strategy 2016--2018}
}

@unpublished{UBMStudy,
author={Rich Quinnell},
title={2015 {E}mbedded {M}arkets {S}tudy},
year = {2015}
}

@MISC{FreeRTOSLicDet,
	author="{R}eal {T}ime {E}ngineers ltd.",
  title="{L}icense {D}etails",
  howpublished="\url{http://www.freertos.org/a00114.html}",
  note = {Megtekintve: 2017. május 7. 18:27}
}

@BOOK{uCOSManual,
  author="Micri\textmugreek m",
  title="\textmugreek C/OS--III\tm The Real-Time Kernel",
  publisher="Micri\textmugreek m Press",
  year=2012
}

@MISC{MeasRTOSPerf,
author="{C}olin {W}alls",
  title="{W}hy and how to measure your {RTOS} performance",
  howpublished="\url{http://www.embedded.com/design/operating-systems/4437792/Why-and-how-to-measure-your-RTOS-performance}",
  note = {Megtekintve: 2017. május 7. 18:59}
}

@MASTERTHESIS{HardwareSoftwareComparison,
  author =   "Larisa Rizvanovic",
  title =    "{C}omparison between {R}eal time {O}perative systems in hardware and software",
  school =   "Mälardalens University",
  year =     2001
}

@BOOK{SoftwareMetrics,
  author="Norman Fenton, James Bieman",
  title="{S}oftware {M}etrics: {A} {R}igorous and {P}ractical {A}pproach",
  publisher="CRC Press",
  year=2012,
  note="Third edition"
}

@BOOK{RealTimeSystemsQoS,
  author="Roman Gumzej, Wolfgang A. Halang",
  title="{R}eal-time {S}ystems' {Q}uality of {S}ervice",
  publisher="Springer-Verlag London",
  year=2010
}

@ARTICLE{RTOSComparison,
  author ="Rafael V. Aroca, Glauco Caurin",
  title  ="{A} {R}eal {T}ime {O}perating {S}ystem ({RTOS}) {C}omparison",
  year   =2009,
}

@ARTICLE{Rhealstone89,
  author ="Rabindra P. Kar, Kent Porter",
  title  ="{R}healstone: {A} {R}eal-{T}ime {B}enchmarking {P}roposal",
  journal="{D}r. {D}obb's {J}ournal",
  year   =1989,
  note = "\url{http://collaboration.cmc.ec.gc.ca/science/rpn/biblio/ddj/Website/articles/DDJ/1989/8902/8902a/8902a.htm}. Megtekintve: 2017. május 7. 21:15"
}

@ARTICLE{Rhealstone90,
  author ="Rabindra P. Kar",
  title  ="{I}mplementing the {R}healstone {R}eal-{T}ime {B}enchmark",
  journal="{D}r. {D}obb's {J}ournal",
  year   =1990,
  note = "\url{http://collaboration.cmc.ec.gc.ca/science/rpn/biblio/ddj/Website/articles/DDJ/1990/9004/9004d/9004d.htm}. Megtekintve: 2017. május 7. 21:15"
}

@ARTICLE{RealtimeDeterminism,
  author ="Joseph K. Dupré, Paul Baracos",
  title  ="{B}enchmarking {R}eal-time {D}eterminism",
  year   =2001,
  note = "\url{https://web.archive.org/web/20140328155945/http://www.isa.org/~pmcd/acs/brtd.html}. Megtekintve: 2017. május 7. 21:15"
}

@unpublished{OpreLin,
author={Bányász Gábor},
title={Beágyazott operációs rendszerek jegyzet},
note={Budapesti Mûszaki és Gazdaságtudományi Egyetem},
year={2015}
}

@MISC{ELEKTricks,
author="{ELEKTRICKS}",
  title="{STM32F4}-{D}iscovery + {C}hibi{OS} = {D}ata {A}cquisition {S}ystem",
  howpublished="\url{http://www.elektricks.net/stm32f4-discovery-chibios-data-acquisition-system/}",
  note = {Megtekintve: 2017. május 11. 20:01}
}

@MISC{SEMICONSPACE,
author="{SEMICONSPACE}",
  title="{STM32F4DIS-BB} :: {ST} {MICRO} :: {BOARD} {BASE} {STM32F4} {DISCOVERY}",
  howpublished="\url{https://semiconspace.com/product/stm32f4dis-bb-st-micro-board-base-stm32f4-discovery/}",
  note = {Megtekintve: 2017. május 11. 20:05}
}

@MISC{BASYS3,
author="{DIGILENT}",
  title="{{B}asys 3}",
  howpublished="\url{https://reference.digilentinc.com/reference/programmable-logic/basys-3/start}",
  note = {Megtekintve: 2017. május 11. 20:05}
}

@MISC{RASPI3,
author="{PIMORONI}",
  title="{{R}aspberry {P}i 3}",
  howpublished="\url{https://shop.pimoroni.com/products/raspberry-pi-3}",
  note = {Megtekintve: 2017. május 11. 20:59}
}
